@misc{lablunda,
	author = {M.Sc. L. La Blunda},
	title = {{Project Proposal}},
	howpublished = "\url{https://moodle.frankfurt-university.de/pluginfile.php/512521/mod_forum/attachment/94672/Project1.pdf}",
	note = "[accessed 27.04.18]"
}

@book{albrecht,
	author = {A. J. Albrecht},
	title = {Measuring Application Development Productivity},
	publisher = {in Proceedings of the Joint SHARE, GUIDE, and IBM Application Development Symposium, Monterey, California},
	year = {1979}
}

@misc{cocomo,
	author = {B. Boehm},
	title = {{COCOMO II Model Definition Manual}},
	howpublished = "\url{http://csse.usc.edu/csse/research/COCOMOII/cocomo2000.0/CII_modelman2000.0.pdf}",
	note = "[accessed 27.04.18]"
}

@misc{JavaFX,
	title = {{JavaFX} Scene Builder},
	howpublished = {\url{http://www.oracle.com/technetwork/java/javase/downloads/javafxscenebuilder-info-2157684.html}},
	note = {Accessed: 2018-05-30}
}

@book{vendor,
	author = {},
	title = {TI BLE Vendor Specific HCI Reference Guide BLE5 Version 1.0.0},
	publisher = {},
	year = {}
}

@book{devguide,
	author = {},
	title = {CC26x0 SimpleLink™ Bluetooth® low energy Software Stack 2.2.x Developer's Guide},
	publisher = {},
	year =  {}
}

@book{userguide,
	author = {},
	title = {BLE User Guide}
}

@misc{prodspec,
	author = {InvenSense},
	title = {MPU-9250 Product Specification},
	howpublished = "Document Number: PS-MPU-9250A-01, Revision 1.1",
	note = "[Release Date: 6.20.2016]"
}

